<record><leader>00000cas a22000007a 4500</leader><controlfield tag="001">14509609</controlfield><controlfield tag="008">861023d1937193utxudn ne      0    0eng d</controlfield><datafield ind1=" " ind2=" " tag="010"><subfield code="a">sn 86089751 </subfield></datafield><datafield ind1=" " ind2=" " tag="040"><subfield code="a">PPM</subfield><subfield code="b">eng</subfield><subfield code="c">PPM</subfield><subfield code="d">NSD</subfield><subfield code="d">PPM</subfield><subfield code="d">OCLCQ</subfield></datafield><datafield ind1=" " ind2=" " tag="042"><subfield code="a">msc</subfield></datafield><datafield ind1="0" ind2=" " tag="130"><subfield code="a">Jefferson daily jimplecute (Jefferson, Tex. : 1937)</subfield></datafield><datafield ind1="1" ind2="0" tag="245"><subfield code="a">Jefferson daily jimplecute.</subfield></datafield><datafield ind1=" " ind2=" " tag="260"><subfield code="a">Jefferson, Tex. :</subfield><subfield code="b">Tom E. Foster,</subfield><subfield code="c">1937-</subfield></datafield><datafield ind1=" " ind2=" " tag="300"><subfield code="a">v. :</subfield><subfield code="b">ill.</subfield></datafield><datafield ind1=" " ind2=" " tag="310"><subfield code="a">Daily (except Sat.)</subfield></datafield><datafield ind1="0" ind2=" " tag="362"><subfield code="a">Vol. 71, no. 90 (Apr. 11, 1937)-</subfield></datafield><datafield ind1=" " ind2=" " tag="515"><subfield code="a">Continues numbering of earlier editions.</subfield></datafield><datafield ind1=" " ind2=" " tag="752"><subfield code="a">United States</subfield><subfield code="b">Texas</subfield><subfield code="c">Marion</subfield><subfield code="d">Jefferson.</subfield></datafield><datafield ind1="0" ind2="0" tag="780"><subfield code="t">Jefferson journal</subfield><subfield code="w">(DLC)sn 86088855</subfield></datafield><datafield ind1="0" ind2="0" tag="785"><subfield code="t">Jefferson jimplecute (Jefferson, Tex. : 1938)</subfield><subfield code="x">1060-3476</subfield><subfield code="w">(DLC)sn 86088854</subfield></datafield></record>